<?xml version='1.0' encoding='UTF-8'?>
<record xmlns="http://www.loc.gov/MARC21/slim">
  <leader>02666cam a2200433 a 4500</leader>
  <controlfield tag="001">1080568</controlfield>
  <controlfield tag="003">NjP</controlfield>
  <controlfield tag="005">20171030094406.0</controlfield>
  <controlfield tag="008">960829s1968    ir            000 0 ara d</controlfield>
  <datafield tag="024" ind1="7" ind2=" ">
    <subfield code="a">princeton_aco003146</subfield>
    <subfield code="2">local</subfield>
  </datafield>
  <datafield ind1=" " ind2=" " tag="035">
    <subfield code="a">(OCoLC)ocn176596919</subfield>
  </datafield>
  <datafield ind1=" " ind2=" " tag="035">
    <subfield code="a">(OCoLC)176596919</subfield>
  </datafield>
  <datafield ind1=" " ind2=" " tag="035">
    <subfield code="a">(CStRLIN)NJPG96-B48911</subfield>
  </datafield>
  <datafield ind1=" " ind2=" " tag="035">
    <subfield code="9">CCG0614TS</subfield>
  </datafield>
  <datafield ind1=" " ind2=" " tag="035">
    <subfield code="a">(NjP)1080568</subfield>
  </datafield>
  <datafield ind1=" " ind2=" " tag="040">
    <subfield code="a">NjP</subfield>
    <subfield code="c">PUL</subfield>
    <subfield code="d">PUL</subfield>
  </datafield>
  <datafield ind1=" " ind2=" " tag="049">
    <subfield code="a">PULL</subfield>
  </datafield>
  <datafield ind1=" " ind2=" " tag="079">
    <subfield code="a">ocm35400393</subfield>
  </datafield>
  <datafield ind1="1" ind2=" " tag="100">
    <subfield code="6">880-01</subfield>
    <subfield code="a">Mīrjahānī Ṭabāṭabāʼī, Muḥammad Ḥasan.</subfield>
  </datafield>
  <datafield ind1="1" ind2="0" tag="240">
    <subfield code="6">880-02</subfield>
    <subfield code="a">Miṣbāḥ al-balāghah fī mishkāt al-ṣiyāghah</subfield>
  </datafield>
  <datafield ind1="1" ind2="0" tag="245">
    <subfield code="a">Hādhā huwa al-juzʼ al-awwal[-al-juzʼ al-rābiʻ] min mustadrak Nahj al-balāghah al-mawsūm bi-Miṣbāḥ al-balāghah fī mishkāt al-ṣiyāghah /</subfield>
    <subfield code="c">min taʼlīfāt Ḥasan al-Mīrjahānī al-Ṭabāṭabāʼī al-Muḥammadābādī al-Jarqūyī al-Iṣbahānī.</subfield>
  </datafield>
  <datafield ind1="1" ind2="4" tag="246">
    <subfield code="6">880-03</subfield>
    <subfield code="a">Mustadrak Nahj al-balāghah mawsūm bih Miṣbāḥ al-balāghah</subfield>
  </datafield>
  <datafield ind1="3" ind2="0" tag="246">
    <subfield code="6">880-04</subfield>
    <subfield code="a">Miṣbāḥ al-balāghah fī mishkāt al-ṣiyāghah</subfield>
  </datafield>
  <datafield ind1=" " ind2=" " tag="260">
    <subfield code="6">880-05</subfield>
    <subfield code="a">[Iran] :</subfield>
    <subfield code="b">Ḥ. al-Mīrjahānī al-Ṭabāṭabāʼī,</subfield>
    <subfield code="c">1388 [1968 or 1069]</subfield>
  </datafield>
  <datafield ind1=" " ind2=" " tag="300">
    <subfield code="a">4 v. in 2 ;</subfield>
    <subfield code="c">25 cm.</subfield>
  </datafield>
  <datafield ind1="0" ind2="0" tag="600">
    <subfield code="6">880-06</subfield>
    <subfield code="a">ʻAlī ibn Abī Ṭālib,</subfield>
    <subfield code="c">Caliph,</subfield>
    <subfield code="d">ca. 600-661</subfield>
    <subfield code="x">Hadith.</subfield>
  </datafield>
  <datafield ind1="1" ind2=" " tag="700">
    <subfield code="6">880-07</subfield>
    <subfield code="a">Sharīf al-Raḍī, Muḥammad ibn al-Ḥusayn,</subfield>
    <subfield code="d">969 or 70-1016.</subfield>
    <subfield code="t">Nahj al-balāghah.</subfield>
    <subfield code="0">http://id.loc.gov/authorities/names/n80001372</subfield>
  </datafield>
  <datafield ind1="1" ind2=" " tag="880">
    <subfield code="6">100-01/r</subfield>
    <subfield code="a">ميرجهاني طباطبائي، محمد حسن.</subfield>
  </datafield>
  <datafield ind1="1" ind2="0" tag="880">
    <subfield code="6">240-02/r</subfield>
    <subfield code="a">مصباح البلاغة في مشكاة الصياغة</subfield>
  </datafield>
  <datafield ind1="1" ind2="0" tag="880">
    <subfield code="6">245-00/r</subfield>
    <subfield code="a">هذا هو الجزء الاول[الجزء الرابع] من مستدرك نهج البلاغة الموسوم بمصباح البلاغة في مشكاة الصياغة /</subfield>
    <subfield code="c">من تأليفات حسن الميرجهاني الطباطبائي المحمدابادي الجرقويي الاصبهاني.</subfield>
  </datafield>
  <datafield ind1="1" ind2="4" tag="880">
    <subfield code="6">246-03/r</subfield>
    <subfield code="a">مستدرك نهج البلاغة موسوم به مصباح البلاغة</subfield>
  </datafield>
  <datafield ind1="3" ind2="0" tag="880">
    <subfield code="6">246-04/r</subfield>
    <subfield code="a">مصباح البلاغة في مشكاة الصياغة</subfield>
  </datafield>
  <datafield ind1=" " ind2=" " tag="880">
    <subfield code="6">260-05/r</subfield>
    <subfield code="a">[ايران] :</subfield>
    <subfield code="b">ح. الميرجهاني الطباطبائي،</subfield>
    <subfield code="c">1388 [1968 or 1069]</subfield>
  </datafield>
  <datafield ind1="0" ind2="0" tag="880">
    <subfield code="6">600-06/r</subfield>
    <subfield code="a">علي بن ابي طالب،</subfield>
    <subfield code="c">Caliph،</subfield>
    <subfield code="d">600 (ca.)661</subfield>
    <subfield code="x">هدث.</subfield>
  </datafield>
  <datafield ind1="1" ind2=" " tag="880">
    <subfield code="6">700-07/r</subfield>
    <subfield code="a">شريف الرضي، محمد بن الحسين،</subfield>
    <subfield code="d">969 or 70-1016.</subfield>
    <subfield code="t">نهج البلاغة.</subfield>
  </datafield>
  <datafield ind1=" " ind2=" " tag="998">
    <subfield code="a">08/29/96</subfield>
    <subfield code="s">9114</subfield>
    <subfield code="n">NjP</subfield>
    <subfield code="d">08/29/96</subfield>
    <subfield code="c">JEB</subfield>
    <subfield code="b">JEB</subfield>
    <subfield code="i">960829</subfield>
    <subfield code="l">NJPG</subfield>
  </datafield>
  <datafield ind1=" " ind2=" " tag="911">
    <subfield code="a">19960905</subfield>
  </datafield>
  <datafield ind1=" " ind2=" " tag="912">
    <subfield code="a">19960829000000.0</subfield>
  </datafield>
  <datafield ind1=" " ind2=" " tag="994">
    <subfield code="a">C0</subfield>
    <subfield code="b">PUL</subfield>
  </datafield>
  <datafield ind1=" " ind2=" " tag="999">
    <subfield code="a">1080568</subfield>
  </datafield>
  <datafield ind1="0" ind2="1" tag="852">
    <subfield code="0">1243190</subfield>
    <subfield code="b">rcppa</subfield>
    <subfield code="t">1</subfield>
    <subfield code="h">BP193.1.A2</subfield>
    <subfield code="i">M575 1968</subfield>
    <subfield code="x">tr fr nec</subfield>
  </datafield>
  <datafield ind1=" " ind2="0" tag="866">
    <subfield code="0">1243190</subfield>
    <subfield code="8">0</subfield>
    <subfield code="a">1-2</subfield>
  </datafield>
  <datafield ind1=" " ind2="0" tag="866">
    <subfield code="0">1243190</subfield>
    <subfield code="8">0</subfield>
    <subfield code="x">DESIGNATOR: mujallad</subfield>
  </datafield>
  <datafield ind1=" " ind2=" " tag="959">
    <subfield code="a">2000-06-13 00:00:00 -0400</subfield>
  </datafield>
</record>
